@misc{parcel,
  title = {Parcelable},
  howpublished = {http://developer.android.com/reference/android/os/Parcelable.html},
},

@misc{Twice,
  title = {PRESS BACK BUTTON TWICE TO EXIT},
  howpublished = {http://stackoverflow.com/questions/8430805/android-clicking-twice-the-back-button-to-exit-activity},
},

@misc{regex,
  title = {REGEX FOR VALID NAMES},
  howpublished = {http://stackoverflow.com/questions/27126455/java-regex-to-validate-full-name-allow-only-spaces-letters-commas-dots-in-java},
},

@misc{Volley,
  title = {HttpURLConnection},
  howpublished = {http://developer.android.com/reference/java/net/HttpURLConnection.html},
},



